@inproceedings{levy1,
  author    = {Omer Levy and
               Yoav Goldberg},
  title     = {Dependency-Based Word Embeddings},
  booktitle = {},
  year      = {2014}
}

@inproceedings{mikolov1,
  author    = {Tomas Mikolov and
               Kai Chen and
               Greg Corrado and
               Jeffrey Dean},
  title     = {Efficient Estimation of Word Representations in Vector Space},
  booktitle = {},
  year      = {2013}
}

@inproceedings{mikolov2,
  author    = {Tomas Mikolov and
               Ilya Sutskever and
               Kai Chen and
               Greg Corrado and
               Jeffrey Dean},
  title     = {Distributed Representations of Words and Phrases and their Compositionality},
  booktitle = {},
  year      = {2013}
}

@inproceedings{mikolov3,
  author    = {Tomas Mikolov and
               Wen-tau Yih and
               Geoffrey Zweig},
  title     = {Linguistic Regularities in Continuous Space Word Representations},
  booktitle = {},
  year      = {2013}
}

@inproceedings{bengio,
  author    = {Yoshua Bengio and
               Rejean Ducharme and
               Pascal Vincent and
               Christian Jauvin},
  title     = {A Neural Probabilistic Language Model},
  booktitle = {},
  year      = {2003}
}

@inproceedings{negative,
  author    = {Omer Levy and
               Yoav Goldberg},
  title     = {word2vec Explained: Deriving {M}ikolov et al.’s Negative-Sampling Word-Embedding Method},
  booktitle = {},
  year      = {2014}
}

@inproceedings{format,
  author    = {Sabine Buchholz and
               Erwin Marsi},
  title     = {{CoNLL-X} shared task on Multilingual Dependency Parsing},
  booktitle = {},
  year      = {2006}
}

@inproceedings{asynt14,
  author    = {Алексей Горелов и
               Мстислав},
  title     = {Syntactic analysis of texts},
  booktitle = {"Mathematical methods for text analysis" speckours, vk.com/mathtexts},
  year      = {2014}
}

@inproceedings{melamud,
  author    = {Omer Melamud and
		Omer Levy and
               Ido Dagan},
  title     = {A Simple Word Embedding Model for Lexical Substitution},
  booktitle = {Workshop on Vector Space Modeling for NLP},
  year      = {2015}
}

